<?xml version="1.0" encoding="UTF-8"?>
<Document xmlns="urn:iso:std:iso:20022:tech:xsd:camt.053.001.08">
  <BkToCstmrStmt>
    <Stmt>
      <Id>STMT20251013</Id>
      <ElctrncSeqNb>1</ElctrncSeqNb>
      <CreDtTm>2025-10-13T12:00:00</CreDtTm>
      <Acct>
        <Id>
          <IBAN>GB29NWBK60161331926819</IBAN>
        </Id>
        <Ccy>GBP</Ccy>
      </Acct>
      <Bal>
        <Tp>
          <CdOrPrtry>
            <Cd>OPBD</Cd>
          </CdOrPrtry>
        </Tp>
        <Amt Ccy="GBP">15000.00</Amt>
        <CdtDbtInd>CRDT</CdtDbtInd>
        <Dt>
          <Dt>2025-10-12</Dt>
        </Dt>
      </Bal>
      <Bal>
        <Tp>
          <CdOrPrtry>
            <Cd>CLBD</Cd>
          </CdOrPrtry>
        </Tp>
        <Amt Ccy="GBP">16500.00</Amt>
        <CdtDbtInd>CRDT</CdtDbtInd>
        <Dt>
          <Dt>2025-10-13</Dt>
        </Dt>
      </Bal>
      <Ntry>
        <Amt Ccy="GBP">500.00</Amt>
        <CdtDbtInd>DBIT</CdtDbtInd>
        <Sts>BOOK</Sts>
        <BookgDt>
          <Dt>2025-10-13</Dt>
        </BookgDt>
        <NtryDtls>
          <TxDtls>
            <RmtInf>
              <Ustrd>Payment to supplier ABC Ltd</Ustrd>
            </RmtInf>
          </TxDtls>
        </NtryDtls>
      </Ntry>
      <Ntry>
        <Amt Ccy="GBP">2000.00</Amt>
        <CdtDbtInd>CRDT</CdtDbtInd>
        <Sts>BOOK</Sts>
        <BookgDt>
          <Dt>2025-10-13</Dt>
        </BookgDt>
        <NtryDtls>
          <TxDtls>
            <RmtInf>
              <Ustrd>Customer payment received</Ustrd>
            </RmtInf>
          </TxDtls>
        </NtryDtls>
      </Ntry>
    </Stmt>
  </BkToCstmrStmt>
</Document>